<?xml version="1.0" encoding="UTF-8"?><collection xmlns="http://www.loc.gov/MARC21/slim"><record><leader>00459nam--2200169-i-4500</leader><controlfield tag="001">000046721</controlfield><controlfield tag="002">20161230</controlfield><controlfield tag="005">20170110225239</controlfield><controlfield tag="008">060222s1000------------r-----000-0-eng-d</controlfield><datafield ind1=" " ind2=" " tag="080"><subfield code="a">539.163.2</subfield></datafield><datafield ind1=" " ind2=" " tag="100"><subfield code="a">Wachsmann, Felix</subfield></datafield><datafield ind1=" " ind2=" " tag="245"><subfield code="a">Die radioaktiven isotope und ihre anwendung in medizin und technik</subfield></datafield><datafield ind1=" " ind2=" " tag="250"><subfield code="a">2-te verbesserte auflage</subfield></datafield><datafield ind1=" " ind2=" " tag="260"><subfield code="a">Munchen</subfield><subfield code="b">Lehnen Verlag</subfield><subfield code="c">1957</subfield></datafield><datafield ind1=" " ind2=" " tag="300"><subfield code="a">152 p</subfield></datafield><datafield ind1=" " ind2=" " tag="852"><subfield code="a">13607</subfield></datafield><datafield ind1=" " ind2=" " tag="CAT"><subfield code="a">SYS</subfield><subfield code="c">20170110</subfield><subfield code="h">225239</subfield></datafield></record></collection>